<record><leader>00000cas a22000007a 4500</leader><controlfield tag="001">34999787</controlfield><controlfield tag="008">960627d18731uuupr wr ne      0    0spa d</controlfield><datafield ind1=" " ind2=" " tag="010"><subfield code="a">sn 96061067 </subfield></datafield><datafield ind1=" " ind2=" " tag="040"><subfield code="a">CUY</subfield><subfield code="b">eng</subfield><subfield code="c">CNK</subfield><subfield code="d">OCLCQ</subfield><subfield code="d">OCLCF</subfield><subfield code="d">OCLCO</subfield></datafield><datafield ind1="1" ind2=" " tag="029"><subfield code="a">AU@</subfield><subfield code="b">000012570354</subfield></datafield><datafield ind1=" " ind2=" " tag="042"><subfield code="a">msc</subfield></datafield><datafield ind1="0" ind2=" " tag="130"><subfield code="a">Democracia (Arecibo, P.R.)</subfield></datafield><datafield ind1="1" ind2="3" tag="245"><subfield code="a">La democracia.</subfield></datafield><datafield ind1=" " ind2=" " tag="260"><subfield code="a">Arecibo, P.R. :</subfield><subfield code="b">A. Mazzoranna</subfield></datafield><datafield ind1=" " ind2=" " tag="300"><subfield code="a">v.</subfield></datafield><datafield ind1=" " ind2=" " tag="310"><subfield code="a">Weekly</subfield></datafield><datafield ind1="0" ind2=" " tag="362"><subfield code="a">[An&#771;o 1] no. 1 (agosto 24, 1873)-</subfield></datafield><datafield ind1=" " ind2="0" tag="651"><subfield code="a">Arecibo (P.R.)</subfield><subfield code="v">Newspapers.</subfield></datafield><datafield ind1=" " ind2="7" tag="655"><subfield code="a">Newspapers.</subfield><subfield code="2">fast</subfield><subfield code="0">(OCoLC)fst01423814</subfield></datafield><datafield ind1=" " ind2="7" tag="651"><subfield code="a">Puerto Rico</subfield><subfield code="z">Arecibo.</subfield><subfield code="2">fast</subfield><subfield code="0">(OCoLC)fst01220343</subfield></datafield><datafield ind1=" " ind2=" " tag="752"><subfield code="a">United States</subfield><subfield code="b">Puerto Rico</subfield><subfield code="d">Arecibo.</subfield></datafield></record>